<record><leader>00000cas a22000007a 4500</leader><controlfield tag="001">16283838</controlfield><controlfield tag="008">870727d18681868ncuwr ne      0    0eng d</controlfield><datafield ind1=" " ind2=" " tag="010"><subfield code="a">sn 87070107 </subfield></datafield><datafield ind1=" " ind2=" " tag="040"><subfield code="a">NYS</subfield><subfield code="b">eng</subfield><subfield code="c">NYS</subfield><subfield code="d">DLC</subfield><subfield code="d">NVJ</subfield><subfield code="d">NYS</subfield><subfield code="d">NVJ</subfield><subfield code="d">OCLCQ</subfield><subfield code="d">OCLCF</subfield><subfield code="d">OCLCO</subfield></datafield><datafield ind1="1" ind2=" " tag="029"><subfield code="a">AU@</subfield><subfield code="b">000020129186</subfield></datafield><datafield ind1=" " ind2=" " tag="042"><subfield code="a">msc</subfield></datafield><datafield ind1="0" ind2="0" tag="245"><subfield code="a">Watchman &amp; Old North State.</subfield></datafield><datafield ind1="3" ind2="0" tag="246"><subfield code="a">Watchman and Old North State</subfield></datafield><datafield ind1=" " ind2=" " tag="260"><subfield code="a">Salisbury, N.C. :</subfield><subfield code="b">Hanes &amp; Bruner</subfield></datafield><datafield ind1=" " ind2=" " tag="300"><subfield code="a">v.</subfield></datafield><datafield ind1=" " ind2=" " tag="310"><subfield code="a">Weekly</subfield></datafield><datafield ind1="0" ind2=" " tag="362"><subfield code="a">Vol. 1, no. 1 (Jan. 10, 1868)-v. 1, no. 51 (Dec. 25, 1868).</subfield></datafield><datafield ind1=" " ind2=" " tag="515"><subfield code="a">All issues also called New series.</subfield></datafield><datafield ind1=" " ind2=" " tag="580"><subfield code="a">Triweekly ed.: Old North State (Salisbury, N.C. : 1866 : Daily).</subfield></datafield><datafield ind1=" " ind2="0" tag="651"><subfield code="a">Salisbury (N.C.)</subfield><subfield code="v">Newspapers.</subfield></datafield><datafield ind1=" " ind2="0" tag="651"><subfield code="a">Rowan County (N.C.)</subfield><subfield code="v">Newspapers.</subfield></datafield><datafield ind1=" " ind2="7" tag="655"><subfield code="a">Newspapers.</subfield><subfield code="2">fast</subfield><subfield code="0">(OCoLC)fst01423814</subfield></datafield><datafield ind1=" " ind2="7" tag="651"><subfield code="a">North Carolina</subfield><subfield code="z">Rowan County.</subfield><subfield code="2">fast</subfield><subfield code="0">(OCoLC)fst01205498</subfield></datafield><datafield ind1=" " ind2="7" tag="651"><subfield code="a">North Carolina</subfield><subfield code="z">Salisbury.</subfield><subfield code="2">fast</subfield><subfield code="0">(OCoLC)fst01202783</subfield></datafield><datafield ind1=" " ind2=" " tag="752"><subfield code="a">United States</subfield><subfield code="b">North Carolina</subfield><subfield code="c">Rowan</subfield><subfield code="d">Salisbury.</subfield></datafield><datafield ind1="1" ind2=" " tag="775"><subfield code="t">Old North State (Salisbury, N.C. : 1866 : Daily)</subfield><subfield code="w">(DLC)sn 87070105</subfield></datafield><datafield ind1="0" ind2="4" tag="780"><subfield code="t">Carolina watchman (Salisbury, N.C. : 1832)</subfield><subfield code="w">(DLC)sn 85042201</subfield></datafield><datafield ind1="0" ind2="4" tag="780"><subfield code="t">Old North State (Salisbury, N.C. : 1866 : Weekly)</subfield><subfield code="w">(DLC)sn 87070108</subfield></datafield><datafield ind1="0" ind2="0" tag="785"><subfield code="t">Old North State (Salisbury, N.C. : 1869)</subfield><subfield code="w">(DLC)sn 85042183</subfield></datafield></record>